<?xml version="1.0" encoding="UTF-8"?><collection xmlns="http://www.loc.gov/MARC21/slim"><record><leader>00369nam--2200133-i-4500</leader><controlfield tag="001">000021433</controlfield><controlfield tag="002">20161230</controlfield><controlfield tag="005">20161230201034</controlfield><controlfield tag="008">060222s1000------------r-----000-0-eng-d</controlfield><datafield ind1=" " ind2=" " tag="100"><subfield code="a">Jansen, Joh</subfield></datafield><datafield ind1=" " ind2=" " tag="245"><subfield code="a">Technique de l`eclairage. manuel ... vol.iii: eclairage exterieur</subfield></datafield><datafield ind1=" " ind2=" " tag="260"><subfield code="a">/Eindhove, Philips, 1956</subfield></datafield><datafield ind1=" " ind2=" " tag="490"><subfield code="a">Bibliotheque Technique Philips</subfield></datafield><datafield ind1=" " ind2=" " tag="852"><subfield code="a">13164</subfield></datafield></record></collection>